@MISC{chen:23:spdes-bib,
  AUTHOR = {Chen, Le},
  PUBLISHER = {GitHub, Zenodo \& Read the Docs},
  URL = {https://spdes-bib.readthedocs.io},
  DATE = {2023-11},
  DOI = {10.5281/zenodo.10143431},
  JOURNALTITLE = {GitHub repository},
  TITLE = {{SPDEs-Bib}: A Comprehensive Bibliography of Stochastic Partial Differential Equations and Related Topics},
}

@ARTICLE{chen.eisenberg:22:interpolating,
  AUTHOR = {Chen, Le and Eisenberg, Nicholas},
  URL = {https://www.arxiv.org/abs/2108.11473},
  DATE = {2022-08},
  JOURNALTITLE = {Stoch. Partial Differ. Equ. Anal. Comput. (in press)},
  TITLE = {Interpolating the stochastic heat and wave equations with time-independent noise: solvability and exact asymptotics},
}

@ARTICLE{chen.guo.ea:22:moments,
  AUTHOR = {Chen, Le and Guo, Yuhui and Song, Jian},
  URL = {https://www.arxiv.org/abs/2206.10069},
  DATE = {2022-06},
  JOURNALTITLE = {preprint arXiv:2206.10069, to appear in Trans. Amer. Math. Soc.},
  TITLE = {Moments and asymptotics for a class of SPDEs with space-time white noise},
}

@ARTICLE{chen.hu:22:holder,
  AUTHOR = {Chen, Le and Hu, Guannan},
  URL = {https://doi.org/10.1007/s13540-022-00033-3},
  DATE = {2022},
  DOI = {10.1007/s13540-022-00033-3},
  ISSN = {1311-0454},
  JOURNALTITLE = {Fract. Calc. Appl. Anal.},
  NUMBER = {2},
  PAGES = {608--629},
  TITLE = {Hölder regularity for the nonlinear stochastic time-fractional slow \& fast diffusion equations on {$\Bbb R^d$}},
  VOLUME = {25},
}

@MISC{chen.hu:23:some,
  AUTHOR = {Chen, Le and Hu, Guannan},
  PUBLISHER = {GitHub \& Zenodo},
  URL = {https://github.com/chenle02/Fox-H_Symbolic_Tools},
  DATE = {2023-11},
  DOI = {10.5281/zenodo.10143785},
  JOURNALTITLE = {GitHub repository},
  TITLE = {Some symbolic tools for the {Fox} {$H$}-function},
}

@ARTICLE{chen.hu.ea:17:space-time,
  AUTHOR = {Chen, Le and Hu, Guannan and Hu, Yaozhong and Huang, Jingyu},
  URL = {https://doi.org/10.1080/17442508.2016.1146282},
  DATE = {2017},
  DOI = {10.1080/17442508.2016.1146282},
  ISSN = {1744-2508},
  JOURNALTITLE = {Stochastics},
  NUMBER = {1},
  PAGES = {171--206},
  TITLE = {Space-time fractional diffusions in {G}aussian noisy environment},
  VOLUME = {89},
}

@ARTICLE{chen.hu.ea:19:nonlinear,
  AUTHOR = {Chen, Le and Hu, Yaozhong and Nualart, David},
  URL = {https://doi.org/10.1016/j.spa.2019.01.003},
  DATE = {2019},
  DOI = {10.1016/j.spa.2019.01.003},
  ISSN = {0304-4149},
  JOURNALTITLE = {Stochastic Process. Appl.},
  NUMBER = {12},
  PAGES = {5073--5112},
  TITLE = {Nonlinear stochastic time-fractional slow and fast diffusion equations on {$\Bbb R^d$}},
  VOLUME = {129},
}

@BOOK{eidelman.ivasyshen.ea:04:analytic,
  AUTHOR = {Eidelman, Samuil D. and Ivasyshen, Stepan D. and Kochubei, Anatoly N.},
  PUBLISHER = {Birkhäuser Verlag, Basel},
  URL = {https://doi.org/10.1007/978-3-0348-7844-9},
  DATE = {2004},
  DOI = {10.1007/978-3-0348-7844-9},
  ISBN = {3-7643-7115-3},
  PAGES = {x+387},
  SERIES = {Operator Theory: Advances and Applications},
  TITLE = {Analytic methods in the theory of differential and pseudo-differential equations of parabolic type},
  VOLUME = {152},
}

@BOOK{erdelyi.magnus.ea:81:higher*1,
  AUTHOR = {Erdélyi, Arthur and Magnus, Wilhelm and Oberhettinger, Fritz and Tricomi, Francesco G.},
  PUBLISHER = {Robert E. Krieger Publishing Co., Inc., Melbourne, Fla.},
  DATE = {1981},
  ISBN = {0-89874-069-X},
  NOTE = {Based on notes left by Harry Bateman, Reprint of the 1953 original},
  PAGES = {xviii+396},
  TITLE = {Higher transcendental functions. {V}ol. {I}},
}

@BOOK{erdelyi.magnus.ea:81:higher*2,
  AUTHOR = {Erdélyi, Arthur and Magnus, Wilhelm and Oberhettinger, Fritz and Tricomi, Francesco G.},
  PUBLISHER = {Robert E. Krieger Publishing Co., Inc., Melbourne, Fla.},
  DATE = {1981},
  ISBN = {0-89874-069-X},
  NOTE = {Based on notes left by Harry Bateman, With a preface by Mina Rees, With a foreword by E. C. Watson, Reprint of the 1953 original},
  PAGES = {xiii+302},
  TITLE = {Higher transcendental functions. {V}ol. {II}},
}

@ARTICLE{fox:61:g,
  AUTHOR = {Fox, Charles},
  URL = {https://doi.org/10.2307/1993339},
  DATE = {1961},
  DOI = {10.2307/1993339},
  ISSN = {0002-9947},
  JOURNALTITLE = {Trans. Amer. Math. Soc.},
  PAGES = {395--429},
  TITLE = {The {$G$} and {$H$} functions as symmetrical {F}ourier kernels},
  VOLUME = {98},
}

@BOOK{kilbas.saigo:04:h-transforms,
  AUTHOR = {Kilbas, Anatoly A. and Saigo, Megumi},
  PUBLISHER = {Chapman \& Hall/CRC, Boca Raton, FL},
  URL = {https://doi.org/10.1201/9780203487372},
  DATE = {2004},
  DOI = {10.1201/9780203487372},
  ISBN = {0-415-29916-0},
  NOTE = {Theory and applications},
  PAGES = {xii+389},
  SERIES = {Analytical Methods and Special Functions},
  TITLE = {{$H$}-transforms},
  VOLUME = {9},
}

@BOOK{kilbas.srivastava.ea:06:theory,
  AUTHOR = {Kilbas, Anatoly A. and Srivastava, Hari M. and Trujillo, Juan J.},
  PUBLISHER = {Elsevier Science B.V., Amsterdam},
  DATE = {2006},
  ISBN = {978-0-444-51832-3; 0-444-51832-0},
  PAGES = {xvi+523},
  SERIES = {North-Holland Mathematics Studies},
  TITLE = {Theory and applications of fractional differential equations},
  VOLUME = {204},
}

@BOOK{mathai.saxena:78:h-function,
  AUTHOR = {Mathai, A. M. and Saxena, R. K.},
  PUBLISHER = {Halsted Press [John Wiley \& Sons], New York-London-Sydney},
  DATE = {1978},
  ISBN = {0-470-26380-6},
  PAGES = {xii+192},
  TITLE = {The {$H$}-function with applications in statistics and other disciplines},
}

@BOOK{mathai.saxena.ea:10:h-function,
  AUTHOR = {Mathai, A. M. and Saxena, Ram Kishore and Haubold, Hans J.},
  PUBLISHER = {Springer, New York},
  URL = {https://doi.org/10.1007/978-1-4419-0916-9},
  DATE = {2010},
  DOI = {10.1007/978-1-4419-0916-9},
  ISBN = {978-1-4419-0915-2},
  NOTE = {Theory and applications},
  PAGES = {xiv+268},
  TITLE = {The {$H$}-function},
}

@ARTICLE{mijena.nane:15:space-time,
  AUTHOR = {Mijena, Jebessa B. and Nane, Erkan},
  URL = {https://doi.org/10.1016/j.spa.2015.04.008},
  DATE = {2015},
  DOI = {10.1016/j.spa.2015.04.008},
  ISSN = {0304-4149},
  JOURNALTITLE = {Stochastic Process. Appl.},
  NUMBER = {9},
  PAGES = {3301--3326},
  TITLE = {Space-time fractional stochastic partial differential equations},
  VOLUME = {125},
}

@BOOK{olver.lozier.ea:10:nist,
  AUTHOR = {Olver, Frank W. J. and Lozier, Daniel W. and Boisvert, Ronald F. and Clark, Charles W.},
  PUBLISHER = {U.S. Department of Commerce, National Institute of Standards and Technology, Washington, DC; Cambridge University Press, Cambridge},
  DATE = {2010},
  ISBN = {978-0-521-14063-8},
  NOTE = {With 1 CD-ROM (Windows, Macintosh and UNIX)},
  PAGES = {xvi+951},
  TITLE = {N{IST} handbook of mathematical functions},
}

@BOOK{prudnikov.brychkov.ea:90:integrals,
  AUTHOR = {Prudnikov, A. P. and Brychkov, Yu. A. and Marichev, O. I.},
  PUBLISHER = {Gordon and Breach Science Publishers, New York},
  DATE = {1990},
  ISBN = {2-88124-682-6},
  NOTE = {More special functions, Translated from the Russian by G. G. Gould},
  PAGES = {800},
  TITLE = {Integrals and series. {V}ol. 3},
}

